<record><leader>00000cas a22000007a 4500</leader><controlfield tag="001">19743873</controlfield><controlfield tag="008">890520d19091934njuwr ne      0    0eng d</controlfield><datafield ind1=" " ind2=" " tag="010"><subfield code="a">sn 88071394 </subfield></datafield><datafield ind1=" " ind2=" " tag="040"><subfield code="a">NJW</subfield><subfield code="b">eng</subfield><subfield code="c">NJW</subfield><subfield code="d">OCLCQ</subfield></datafield><datafield ind1=" " ind2=" " tag="042"><subfield code="a">msc</subfield></datafield><datafield ind1="0" ind2="0" tag="245"><subfield code="a">Woodbridge leader.</subfield></datafield><datafield ind1=" " ind2=" " tag="260"><subfield code="a">Woodbridge, N.J. :</subfield><subfield code="b">Lawrence F. Campion,</subfield><subfield code="c">-1934.</subfield></datafield><datafield ind1=" " ind2=" " tag="310"><subfield code="a">Weekly</subfield></datafield><datafield ind1="1" ind2=" " tag="362"><subfield code="a">Began with Mar. 1, 1909 issue.</subfield></datafield><datafield ind1="0" ind2=" " tag="362"><subfield code="a">-Feb. 23, 1934.</subfield></datafield><datafield ind1=" " ind2=" " tag="580"><subfield code="a">Merged with: Iselin journal, and: Woodbridge journal, to form: Leader-journal (Woodbridge, N.J. : 1934).</subfield></datafield><datafield ind1=" " ind2=" " tag="588"><subfield code="a">Description based on: Aug. 5, 1932.</subfield></datafield><datafield ind1=" " ind2=" " tag="752"><subfield code="a">United States</subfield><subfield code="b">New Jersey</subfield><subfield code="c">Middlesex</subfield><subfield code="d">Woodbridge.</subfield></datafield><datafield ind1="0" ind2="0" tag="780"><subfield code="t">Weekly register (Woodbridge, N.J. : 1891)</subfield><subfield code="w">(DLC)sn 85035786</subfield><subfield code="w">(OCoLC)13754623</subfield></datafield><datafield ind1="1" ind2="7" tag="785"><subfield code="t">Iselin journal</subfield></datafield><datafield ind1="1" ind2="7" tag="785"><subfield code="t">Woodbridge journal</subfield></datafield><datafield ind1="1" ind2="7" tag="785"><subfield code="t">Leader-journal (Woodbridge, N.J. : 1934)</subfield><subfield code="w">(DLC)sn 88071395</subfield></datafield></record>